<record><leader>00000cas a22000007a 4500</leader><controlfield tag="001">32880574</controlfield><controlfield tag="008">950727d18741875nyuwr ne      0    0eng d</controlfield><datafield ind1=" " ind2=" " tag="010"><subfield code="a">sn 95068612 </subfield></datafield><datafield ind1=" " ind2=" " tag="040"><subfield code="a">MGN</subfield><subfield code="b">eng</subfield><subfield code="c">MGN</subfield><subfield code="d">OCL</subfield><subfield code="d">OCLCQ</subfield></datafield><datafield ind1=" " ind2=" " tag="042"><subfield code="a">msc</subfield></datafield><datafield ind1="0" ind2="4" tag="245"><subfield code="a">The Canisteo citizen.</subfield></datafield><datafield ind1=" " ind2=" " tag="260"><subfield code="a">Canisteo, Steuben Co., N.Y. :</subfield><subfield code="b">J.S. van Alstin</subfield></datafield><datafield ind1=" " ind2=" " tag="300"><subfield code="a">v.</subfield></datafield><datafield ind1=" " ind2=" " tag="310"><subfield code="a">Weekly</subfield></datafield><datafield ind1="1" ind2=" " tag="362"><subfield code="a">Began in 1874; ceased in 1875?</subfield></datafield><datafield ind1=" " ind2=" " tag="500"><subfield code="a">Editor: S.H. Clark, &lt;1875&gt;.</subfield></datafield><datafield ind1=" " ind2=" " tag="500"><subfield code="a">Publisher: S.H. Clark, &lt;1875&gt;.</subfield></datafield><datafield ind1=" " ind2=" " tag="588"><subfield code="a">Description based on: Vol. 1, no. 20 (Aug. 7, 1874).</subfield></datafield><datafield ind1="1" ind2=" " tag="700"><subfield code="a">Clark, S. H.</subfield></datafield><datafield ind1=" " ind2=" " tag="752"><subfield code="a">United States</subfield><subfield code="b">New York</subfield><subfield code="c">Steuben</subfield><subfield code="d">Canisteo.</subfield></datafield><datafield ind1="1" ind2=" " tag="029"><subfield code="a">AU@</subfield><subfield code="b">000011868936</subfield></datafield></record>